<?xml version="1.0" encoding="utf-8"?>
<record xmlns="http://www.loc.gov/MARC21/slim" xmlns:xsi="http://www.w3.org/2001/XMLSchema-instance" xsi:schemaLocation="http://www.loc.gov/MARC21/slim http://www.loc.gov/standards/marcxml/schema/MARC21slim.xsd">
	<leader>     nam a22     Mi 4500</leader>
	<controlfield tag="001">b12771491</controlfield>
	<controlfield tag="003">LeBAU</controlfield>
	<controlfield tag="006">m        d        </controlfield>
	<controlfield tag="007">cr cn |||m|||a</controlfield>
	<controlfield tag="008">180604s1944    le      o     ||0 0 ara d</controlfield>
	<datafield ind1=" " ind2=" " tag="040">
		<subfield code="a">ZYU</subfield>
		<subfield code="b">ara</subfield>
		<subfield code="e">rda</subfield>
		<subfield code="c">ZYU</subfield>
	</datafield>
	<datafield ind1="0" ind2="4" tag="082">
		<subfield code="a">929.2</subfield>
		<subfield code="2">20</subfield>
	</datafield>
	<datafield ind1="1" ind2=" " tag="100">
		<subfield code="6">880-01</subfield>
		<subfield code="a">Maʻlūf, ʻĪsá Iskandar,</subfield>
		<subfield code="d">1869-1956,</subfield>
		<subfield code="e">author.</subfield>
	</datafield>
	<datafield ind1="1" ind2="0" tag="245">
		<subfield code="6">880-02</subfield>
		<subfield code="a">al-Ghurar al-tārīkhīyah fī al-usrah al-Yāzījīyah :</subfield>
		<subfield code="b">fī juz’ayn, al-awwal fī tārīkh al-mashāyikh al-Yāzijīyyīn, wa-al-thānī fī tārīkh aṣhārihim wa-banātihim wa-aṣbātihim /</subfield>
		<subfield code="c">ta’līf ʻĪsá Iskandar al-Ma‘lūf, ‘uḍw al-Majāmi‘ al-‘ilmīyah fī Miṣr wa-Dimashq wa-Bayrūt wa-al-Barāzīl.</subfield>
	</datafield>
	<datafield ind1=" " ind2="1" tag="264">
		<subfield code="6">880-03</subfield>
		<subfield code="a">Dayr al-Mukhalliṣ, [Lubnān] :</subfield>
		<subfield code="b">al-Maṭbaʻah al-Mukhalliṣīyah,</subfield>
		<subfield code="c">1945.</subfield>
	</datafield>
	<datafield ind1=" " ind2=" " tag="300">
		<subfield code="6">880-04</subfield>
		<subfield code="a">online resource (2 volumes)</subfield>
	</datafield>
	<datafield ind1=" " ind2=" " tag="336">
		<subfield code="a">text</subfield>
		<subfield code="2">rdacontent</subfield>
	</datafield>
	<datafield ind1=" " ind2=" " tag="337">
		<subfield code="a">computer</subfield>
		<subfield code="2">rdamedia</subfield>
	</datafield>
	<datafield ind1=" " ind2=" " tag="338">
		<subfield code="a">online resource</subfield>
		<subfield code="2">rdacarrier</subfield>
	</datafield>
	<datafield ind1=" " ind2=" " tag="500">
		<subfield code="a">&quot;نشر تباعاً في مجلة الرسالة المخلصية.&quot;</subfield>
	</datafield>
	<datafield ind1=" " ind2=" " tag="500">
		<subfield code="a">Part of the Arabic Collections Online (ACO) project, contributed by American University of Beirut's Jafet Memorial Library.</subfield>
	</datafield>
	<datafield ind1="0" ind2="0" tag="505">
		<subfield code="t">الغرر التاريخية في الأسرة اليازجية:</subfield>
		<subfield code="g">الجزء الأول.</subfield>
		<subfield code="t">مختصر تاريخ المشايخ اليازجيين --</subfield>
		<subfield code="g">الجزء الثاني.</subfield>
		<subfield code="t">تاريخ أصهار اليازجيين وبناتهم وأسباطهم.</subfield>
	</datafield>
	<datafield ind1=" " ind2=" " tag="533">
		<subfield code="a">Electronic reproduction.</subfield>
		<subfield code="b">New York, N.Y. :</subfield>
		<subfield code="c">New York University,</subfield>
		<subfield code="d">2018.</subfield>
		<subfield code="5">NNU</subfield>
	</datafield>
	<datafield ind1="3" ind2="4" tag="600">
		<subfield code="a">آل اليازجي.</subfield>
	</datafield>
	<datafield ind1="3" ind2="0" tag="600">
		<subfield code="a">Yāzijī Family.</subfield>
	</datafield>
	<datafield ind1=" " ind2="4" tag="650">
		<subfield code="a">العائلات اللبنانية.</subfield>
	</datafield>
	<datafield ind1=" " ind2="0" tag="650">
		<subfield code="a">Lebanese families.</subfield>
	</datafield>
	<datafield ind1="2" ind2=" " tag="710">
		<subfield code="a">Jafet Memorial Library.</subfield>
	</datafield>
	<datafield ind1="0" ind2=" " tag="730">
		<subfield code="a">Arabic Collections Online.</subfield>
	</datafield>
	<datafield ind1="0" ind2=" " tag="773">
		<subfield code="6">880-05</subfield>
		<subfield code="i">has whole-part work relationship with</subfield>
		<subfield code="4">http://rdaregistry.info/Elements/w/P10232:</subfield>
		<subfield code="t">al-Risālah al-Mukhalliṣīyah</subfield>
		<subfield code="d">Ṣaydā, Lubnān : Dayr al-Mukhalliṣ, 1934-1966</subfield>
		<subfield code="w">(OCoLC)792755097</subfield>
		<subfield code="w">(OCoLC)792755097</subfield>
	</datafield>
	<datafield ind1="0" ind2="8" tag="776">
		<subfield code="i">Print version:</subfield>
		<subfield code="a">Maʻlūf, ʻĪsá Iskandar, 1869-1956, author.</subfield>
		<subfield code="t">al-Ghurar al-tārīkhīyah fī al-usrah al-Yāzījīyah</subfield>
		<subfield code="w">(LeBAU)b12771491</subfield>
	</datafield>
	<datafield ind1="4" ind2="0" tag="856">
		<subfield code="u">http://hdl.handle.net/2333.1/w3r22g92</subfield>
	</datafield>
	<datafield ind1="1" ind2=" " tag="880">
		<subfield code="6">100-01</subfield>
		<subfield code="a">المعلوف، عيسى اسكندر،</subfield>
		<subfield code="d">1868-1956،</subfield>
		<subfield code="e">مؤلف. </subfield>
		<subfield code="4">aut.</subfield>
	</datafield>
	<datafield ind1="1" ind2="3" tag="880">
		<subfield code="6">245-02</subfield>
		<subfield code="a">الغرر التاريخية في الأسرة اليازجية :</subfield>
		<subfield code="b">في جزئين، الأول في تاريخ المشايخ اليازجيين، والثاني في تاريخ أصهارهم وبناتهم وأسباطهم /</subfield>
		<subfield code="c">تأليف عيسى إسكندر المعلوف، عضو المجامع العلمية في مصر ودمشق وبيروت والبرازيل.</subfield>
	</datafield>
	<datafield ind1=" " ind2="1" tag="880">
		<subfield code="6">264-03</subfield>
		<subfield code="a">دير المخلص، [لبنان] :</subfield>
		<subfield code="b">المطبعة المخلصية،</subfield>
		<subfield code="c">1945.</subfield>
	</datafield>
	<datafield ind1=" " ind2=" " tag="880">
		<subfield code="6">300-04</subfield>
		<subfield code="a">2 جزء ؛</subfield>
		<subfield code="c">19 سم</subfield>
	</datafield>
	<datafield ind1="0" ind2=" " tag="880">
		<subfield code="6">773-05</subfield>
		<subfield code="i">علاقة جزء كل مع تجسيدة</subfield>
		<subfield code="4">http://rdaregistry.info/Elements/w/P10232:</subfield>
		<subfield code="t">الرسالة المخلصية : مجلة دينية، إجتماعية علمية</subfield>
		<subfield code="d">صيدا، لبنان : دير المخلص، 1934-1966</subfield>
		<subfield code="w">b12819360</subfield>
		<subfield code="w">(OCoLC)792755097</subfield>
	</datafield>
	<datafield ind1=" " ind2=" " tag="959">
		<subfield code="a">NNU</subfield>
		<subfield code="b">WEB</subfield>
		<subfield code="c">GENI</subfield>
		<subfield code="t">0</subfield>
		<subfield code="m">Electronic access</subfield>
		<subfield code="s">01</subfield>
	</datafield>
	<datafield ind1=" " ind2=" " tag="999">
		<subfield code="i">LeBAU_b12771491</subfield>
		<subfield code="s">aub_aco001876:v.1</subfield>
		<subfield code="s">aub_aco001877:v.2</subfield>
		<subfield code="e">(ERROR-MISC)</subfield>
	</datafield>
</record>
